@incollection{qin2005analyzing,
  title={Analyzing terrorist networks: A case study of the global salafi jihad network},
  author={Qin, Jialun and Xu, Jennifer J and Hu, Daning and Sageman, Marc and Chen, Hsinchun},
  booktitle={Intelligence and security informatics},
  pages={287--304},
  year={2005},
  publisher={Springer}
}
